<?xml version="1.0" encoding="utf-8"?>
<record xmlns="http://www.loc.gov/MARC21/slim" xmlns:xsi="http://www.w3.org/2001/XMLSchema-instance" xsi:schemaLocation="http://www.loc.gov/MARC21/slim http://www.loc.gov/standards/marcxml/schema/MARC21slim.xsd">
	<leader>     nam a22     Mi 4500</leader>
	<controlfield tag="001">b23632033</controlfield>
	<controlfield tag="003">LeBAU</controlfield>
	<controlfield tag="006">m        d        </controlfield>
	<controlfield tag="007">cr cn |||m|||a</controlfield>
	<controlfield tag="008">200626s1944    ti      o     000 0 ara d</controlfield>
	<datafield ind1=" " ind2=" " tag="040">
		<subfield code="a">ZYU</subfield>
		<subfield code="b">ara</subfield>
		<subfield code="e">rda</subfield>
		<subfield code="c">ZYU</subfield>
	</datafield>
	<datafield ind1=" " ind2=" " tag="043">
		<subfield code="a">f-ti---</subfield>
	</datafield>
	<datafield ind1="0" ind2="4" tag="082">
		<subfield code="a">336.611</subfield>
		<subfield code="2">23</subfield>
	</datafield>
	<datafield ind1="1" ind2=" " tag="110">
		<subfield code="6">880-01</subfield>
		<subfield code="a">Tunisia.</subfield>
		<subfield code="b">Grand Conseil.</subfield>
		<subfield code="e">issuing body.</subfield>
		<subfield code="0">https://lccn.loc.gov/n91038525 ,</subfield>
	</datafield>
	<datafield ind1="1" ind2="0" tag="240">
		<subfield code="6">880-02</subfield>
		<subfield code="a">Taqārīr jalsāt al-Majlis al-Kabīr lil-Iyālah al-Tūnisīyah</subfield>
	</datafield>
	<datafield ind1="1" ind2="0" tag="245">
		<subfield code="6">880-03</subfield>
		<subfield code="a">Taqārīr al-Qism al-Tūnisī min al-Majlis al-Kabīr lil-Iyālah al-Tūnisīyah.</subfield>
		<subfield code="n">al-Dawrah al-tāsiʻahʻ ʻashar, (Uktūbir-Nūfimbir 1943) /</subfield>
		<subfield code="c">al-Ḥimāyah al-Ifransīyah, al-Iyālah al-Tūnisīyah.</subfield>
	</datafield>
	<datafield ind1=" " ind2="1" tag="264">
		<subfield code="6">880-04</subfield>
		<subfield code="a">Tūnis :</subfield>
		<subfield code="b">al-Maṭbaʻah al-Tūnisīyah,</subfield>
		<subfield code="c">[1944]</subfield>
	</datafield>
	<datafield ind1=" " ind2=" " tag="300">
		<subfield code="6">880-05</subfield>
		<subfield code="a">online resource (142 pages)</subfield>
	</datafield>
	<datafield ind1=" " ind2=" " tag="336">
		<subfield code="a">text</subfield>
		<subfield code="2">rdacontent</subfield>
	</datafield>
	<datafield ind1=" " ind2=" " tag="337">
		<subfield code="a">computer</subfield>
		<subfield code="2">rdamedia</subfield>
	</datafield>
	<datafield ind1=" " ind2=" " tag="338">
		<subfield code="a">online resource</subfield>
		<subfield code="2">rdacarrier</subfield>
	</datafield>
	<datafield ind1=" " ind2=" " tag="500">
		<subfield code="a">Part of the Arabic Collections Online (ACO) project, contributed by American University of Beirut's Jafet Memorial Library.</subfield>
	</datafield>
	<datafield ind1="0" ind2=" " tag="505">
		<subfield code="a">أ- جريدة اعضاء المجلس الكبير بالعمالة التونسية -- ب- تقارير القسم التونسي -- ت- الاقتراحات المقدمة اثناء الدور التاسع عشر من جلسات المجلس الكبير -- ث- فهرس.</subfield>
	</datafield>
	<datafield ind1=" " ind2=" " tag="533">
		<subfield code="a">Electronic reproduction.</subfield>
		<subfield code="b">New York, N.Y. :</subfield>
		<subfield code="c">New York University,</subfield>
		<subfield code="d">2020.</subfield>
		<subfield code="5">NNU</subfield>
	</datafield>
	<datafield ind1="1" ind2="4" tag="610">
		<subfield code="a">تونس.</subfield>
		<subfield code="b">المجلس الكبير</subfield>
		<subfield code="v">محاضر جلسات (سجلات)</subfield>
	</datafield>
	<datafield ind1="1" ind2="0" tag="610">
		<subfield code="a">Tunisia.</subfield>
		<subfield code="b">Grand Conseil</subfield>
		<subfield code="v">Minutes (Records)</subfield>
	</datafield>
	<datafield ind1=" " ind2="4" tag="651">
		<subfield code="a">تونس</subfield>
		<subfield code="x">الإعتمادات والمصروفات.</subfield>
	</datafield>
	<datafield ind1=" " ind2="0" tag="651">
		<subfield code="a">Tunisia</subfield>
		<subfield code="x">Appropriations and expenditures.</subfield>
	</datafield>
	<datafield ind1="2" ind2=" " tag="710">
		<subfield code="a">Jafet Memorial Library.</subfield>
	</datafield>
	<datafield ind1="0" ind2=" " tag="730">
		<subfield code="a">Arabic Collections Online.</subfield>
	</datafield>
	<datafield ind1="0" ind2="8" tag="776">
		<subfield code="i">Print version:</subfield>
		<subfield code="a">Tunisia. Grand Conseil. issuing body. https://lccn.loc.gov/n91038525 ,</subfield>
		<subfield code="t">Taqārīr al-Qism al-Tūnisī min al-Majlis al-Kabīr lil-Iyālah al-Tūnisīyah</subfield>
		<subfield code="w">(LeBAU)b23632033</subfield>
	</datafield>
	<datafield ind1="4" ind2="0" tag="856">
		<subfield code="u">http://hdl.handle.net/2333.1/sbcc2rmc</subfield>
	</datafield>
	<datafield ind1="1" ind2=" " tag="880">
		<subfield code="6">110-01</subfield>
		<subfield code="a">تونس.</subfield>
		<subfield code="b">المجلس الكبير،</subfield>
		<subfield code="0">https://lccn.loc.gov/n91038525 ,</subfield>
		<subfield code="e">هيئة اصدار.</subfield>
		<subfield code="4">isb.</subfield>
	</datafield>
	<datafield ind1="1" ind2="0" tag="880">
		<subfield code="6">240-02</subfield>
		<subfield code="a">تقارير جلسات المجلس الكبير للايالة التونسية</subfield>
	</datafield>
	<datafield ind1="1" ind2="0" tag="880">
		<subfield code="6">245-03</subfield>
		<subfield code="a">تقارير القسم التونسي من المجلس الكبير للايالة التونسية .</subfield>
		<subfield code="n">الدورة التاسعة عشر، (اكتوبر-نوفمبر  1943) /</subfield>
		<subfield code="c">الحماية الافرنسية، الايالة التونسية.</subfield>
	</datafield>
	<datafield ind1=" " ind2="1" tag="880">
		<subfield code="6">264-04</subfield>
		<subfield code="a">تونس :</subfield>
		<subfield code="b">المطبعة التونسية،</subfield>
		<subfield code="c">[1944]</subfield>
	</datafield>
	<datafield ind1=" " ind2=" " tag="880">
		<subfield code="6">300-05</subfield>
		<subfield code="a">142 صفحة ؛</subfield>
		<subfield code="c">25 سم</subfield>
	</datafield>
	<datafield ind1=" " ind2=" " tag="959">
		<subfield code="a">NNU</subfield>
		<subfield code="b">WEB</subfield>
		<subfield code="c">GENI</subfield>
		<subfield code="t">0</subfield>
		<subfield code="m">Electronic access</subfield>
		<subfield code="s">01</subfield>
	</datafield>
	<datafield ind1=" " ind2=" " tag="999">
		<subfield code="i">LeBAU_b23632033</subfield>
		<subfield code="s">aub_aco003791:</subfield>
		<subfield code="e">(ERROR-MISC)</subfield>
		<subfield code="s">aub_aco003791:</subfield>
	</datafield>
</record>
